ISA*00*          *00*          *ZZ*SYNSUB433      *ZZ*SYNRCV834      *251007*1441*^*00501*008522900*0*T*:~GS*HP*SYNSUB433*SYNRCV834*20251007*1441*39830*X*005010X221A1~ST*835*0180*005010X221A1~BPR*I*476.00*C*ACH************20251007~TRN*1*1933694*1339002203~N1*PR*SAMPLE STATE MEDICAID~N3*3973 Testing Terrace~N4*Testford*ND*00000~REF*2U*SYN21814~N1*PE*MOCK CARE ASSOCIATES*XX*5538694759~N3*3973 Testing Terrace~N4*Testford*ND*00000~LX*1~CLP*PTACCT457846*1*616.00*476.00*140.00*MB*ICN190640730*11::1~NM1*QC*1*Corpusworth*Testina****MI*MBR40304217~NM1*82*2*MOCK CARE ASSOCIATES*****XX*5538694759~DTM*232*20251007~DTM*233*20251007~SVC*HC:99213*616.00*476.00~DTM*472*20251007~CAS*PR*2*140.00~AMT*B6*476.00~SE*21*0180~GE*1*39830~IEA*1*008522900~